@article{uematsu2020,
  title={Inference in Weak Factor Models},
  author={Yoshimasa Uematsu and Takashi Yamagata},
  year={2020}
}

@article{javanmard2014,
  author  = {Adel Javanmard and Andrea Montanari},
  title   = {Confidence Intervals and Hypothesis Testing for High-Dimensional Regression},
  journal = {Journal of Machine Learning Research},
  year    = {2014},
  volume  = {15},
  number  = {82},
  pages   = {2869-2909}
}

@article {chen2019inference,
	author = {Chen, Yuxin and Fan, Jianqing and Ma, Cong and Yan, Yuling},
	title = {Inference and uncertainty quantification for noisy matrix completion},
	volume = {116},
	number = {46},
	pages = {22931--22937},
	year = {2019},
	doi = {10.1073/pnas.1910053116},
	publisher = {National Academy of Sciences},
	issn = {0027-8424},
	journal = {Proceedings of the National Academy of Sciences}
}

@misc{chernozhukov2018double,
  author = {Chernozhukov, Victor and Chetverikov, Denis and Demirer, Mert and Duflo, Esther and Hansen, Christian and Newey, Whitney and Robins, James},
    title = "{Double/debiased machine learning for treatment and structural parameters}",
    journal = {The Econometrics Journal},
    volume = {21},
    number = {1},
    pages = {C1-C68},
    year = {2018}
}

@article{uematsu2019sofar,
  author={Uematsu, Yoshimasa and Fan, Yingying and Chen, Kun and Lv, Jinchi and Lin, Wei},
  journal={IEEE Transactions on Information Theory}, 
  title={{SOFAR}: {Large-Scale Association Network Learning}}, 
  year={2019},
  volume={65},
  number={8},
  pages={4924-4939},
}

@article{van2014asymptotically,
  title={On asymptotically optimal confidence regions and tests for high-dimensional models},
  author={Van de Geer, Sara and B{\"u}hlmann, Peter and Ritov, Yaâ€™acov and Dezeure, Ruben},
  journal={The Annals of Statistics},
  volume={42},
  number={3},
  pages={1166--1202},
  year={2014},
  publisher={Institute of Mathematical Statistics}
}

@article{fan2016innovated,
  title={Innovated scalable efficient estimation in ultra-large Gaussian graphical models},
  author={Fan, Yingying and Lv, Jinchi},
  journal={The Annals of Statistics},
  volume={44},
  number={5},
  pages={2098--2126},
  year={2016},
  publisher={Institute of Mathematical Statistics}
}

@article{mishra2017,
  title={Sequential co-sparse factor regression},
  author={Mishra, Aditya and Dey, Dipak K and Chen, Kun},
  journal={Journal of Computational and Graphical Statistics},
  volume={26},
  number={4},
  pages={814--825},
  year={2017},
  publisher={Taylor \& Francis}
}

@article{chen2020,
  title={Statistically Guided Divide-and-Conquer for Sparse Factorization of Large Matrix},
  author={Chen, Kun and Dong, Ruipeng and Xu, Wanwan and Zheng, Zemin},
  journal={arXiv preprint arXiv:2003.07898},
  year={2020}
}

@article{yu2015useful,
  title={A useful variant of the Davis--Kahan theorem for statisticians},
  author={Yu, Yi and Wang, Tengyao and Samworth, Richard J},
  journal={Biometrika},
  volume={102},
  number={2},
  pages={315--323},
  year={2015},
  publisher={Oxford University Press}
}

@article{jankova2015confidence,
  title={Confidence intervals for high-dimensional inverse covariance estimation},
  author={Jankova, Jana and Van De Geer, Sara},
  journal={Electronic Journal of Statistics},
  volume={9},
  number={1},
  pages={1205--1229},
  year={2015},
  publisher={The Institute of Mathematical Statistics and the Bernoulli Society}
}

@article{demmel1992,
author = {Demmel, James},
title = {The Componentwise Distance to the Nearest Singular Matrix},
journal = {SIAM Journal on Matrix Analysis and Applications},
volume = {13},
number = {1},
pages = {10-19},
year = {1992}
}

@article{zhang2014confidence,
  title={Confidence intervals for low dimensional parameters in high dimensional linear models},
  author={Zhang, Cun-Hui and Zhang, Stephanie S},
  journal={Journal of the Royal Statistical Society: Series B: Statistical Methodology},
  pages={217--242},
  year={2014},
  publisher={JSTOR}
}

@article{raskutti2010restricted,
  title={Restricted eigenvalue properties for correlated Gaussian designs},
  author={Raskutti, Garvesh and Wainwright, Martin J and Yu, Bin},
  journal={The Journal of Machine Learning Research},
  volume={11},
  pages={2241--2259},
  year={2010},
  publisher={JMLR. org}
}

@article{yin1988limit,
  title={On the limit of the largest eigenvalue of the large dimensional sample covariance matrix},
  author={Yin, Yong-Quan and Bai, Zhi-Dong and Krishnaiah, Pathak R},
  journal={Probability theory and related fields},
  volume={78},
  number={4},
  pages={509--521},
  year={1988},
  publisher={Springer}
}

@article{fan2019simple,
  title={{SIMPLE}: Statistical inference on membership profiles in large networks},
  author={Fan, Jianqing and et al},
  journal={arXiv preprint arXiv:1910.01734},
  year={2019}
}